<?xml version="1.0" encoding="UTF-8"?><collection xmlns="http://www.loc.gov/MARC21/slim"><record><leader>00416nam--2200157-i-4500</leader><controlfield tag="001">000020481</controlfield><controlfield tag="002">20161230</controlfield><controlfield tag="005">20161230201033</controlfield><controlfield tag="008">060222s1000------------r-----000-0-eng-d</controlfield><datafield ind1=" " ind2=" " tag="020"><subfield code="a">0-8218-4557-8</subfield></datafield><datafield ind1=" " ind2=" " tag="080"><subfield code="a">512.745.2</subfield></datafield><datafield ind1=" " ind2=" " tag="100"><subfield code="a">Popov, V.L</subfield></datafield><datafield ind1=" " ind2=" " tag="245"><subfield code="a">Groups, generators, syzygies, and orbits in invariant theory</subfield></datafield><datafield ind1=" " ind2=" " tag="260"><subfield code="a">Rhode Island, 1992. 247 P</subfield></datafield><datafield ind1=" " ind2=" " tag="852"><subfield code="a">80320</subfield><subfield code="c">512</subfield></datafield><datafield ind1=" " ind2=" " tag="CAT"><subfield code="a">Sys</subfield><subfield code="c">20080520</subfield><subfield code="h">122023</subfield></datafield></record></collection>